@misc{dsv_trailer,
  author = {DSV},
  title  = {Specifiche del rimorchio telonato},
  url    = {https://www.dsv.com/it-it/le-nostre-soluzioni/mezzi-di-trasporto/trasporto-stradale/misure-del-rimorchio/rimorchio-telonato}
}